<?xml version="1.0" encoding="UTF-8"?><collection xmlns="http://www.loc.gov/MARC21/slim"><record><leader>00379nam--2200133-i-4500</leader><controlfield tag="001">000006914</controlfield><controlfield tag="002">20161230</controlfield><controlfield tag="005">20170208171743</controlfield><controlfield tag="008">060222s1000------------r-----000-0-eng-d</controlfield><datafield ind1=" " ind2=" " tag="245"><subfield code="a">Directory of whole-body radioactivity monitors. (low activity levels)</subfield></datafield><datafield ind1=" " ind2=" " tag="260"><subfield code="a">Vienna</subfield><subfield code="b">Intern.Atomic Energy Agency</subfield><subfield code="c">1964</subfield></datafield><datafield ind1=" " ind2=" " tag="300"><subfield code="a">704 p</subfield></datafield><datafield ind1=" " ind2=" " tag="852"><subfield code="a">539.16.08</subfield></datafield><datafield ind1=" " ind2=" " tag="CAT"><subfield code="a">SYS</subfield><subfield code="c">20170208</subfield><subfield code="h">171743</subfield></datafield></record></collection>